<?xml version="1.0" encoding="UTF-8"?><collection xmlns="http://www.loc.gov/MARC21/slim"><record><leader>00453nam--2200169-i-4500</leader><controlfield tag="001">000013037</controlfield><controlfield tag="002">20161230</controlfield><controlfield tag="005">20161230201030</controlfield><controlfield tag="008">060222s1000------------r-----000-0-eng-d</controlfield><datafield ind1=" " ind2=" " tag="040"><subfield code="a">IFIN-HH</subfield></datafield><datafield ind1=" " ind2=" " tag="100"><subfield code="a">De Boor Carl (ed.) s.a</subfield></datafield><datafield ind1=" " ind2=" " tag="245"><subfield code="a">Recent advances in numerical analysis proceedings</subfield></datafield><datafield ind1=" " ind2=" " tag="260"><subfield code="a">New York, Academic Press, 1978</subfield></datafield><datafield ind1=" " ind2=" " tag="490"><subfield code="a">IX+270 p</subfield></datafield><datafield ind1=" " ind2=" " tag="700"><subfield code="a">De Boor, Carl/S.A.</subfield></datafield><datafield ind1=" " ind2=" " tag="852"><subfield code="a">46942</subfield><subfield code="c">518.12</subfield></datafield><datafield ind1=" " ind2=" " tag="CAT"><subfield code="a">Sys</subfield><subfield code="c">20090702</subfield><subfield code="h">095258</subfield></datafield></record></collection>